
@book{narayanan2016bitcoin,
  title={Bitcoin and Cryptocurrency Technologies: A Comprehensive Introduction},
  author={Narayanan, Arvind and Bonneau, Joseph and Felten, Edward and Miller, Andrew and Goldfeder, Steven},
  year={2016},
  publisher={Princeton University Press}
}

@article{christidis2016blockchains,
  title={Blockchains and smart contracts for the internet of things},
  author={Christidis, Konstantinos and Devetsikiotis, Michael},
  journal={IEEE Access},
  volume={4},
  pages={2292--2303},
  year={2016},
  publisher={IEEE}
}

@misc{espressifGithub,
  author = {Espressif},
  title = {Espressif IoT Development Framework},
  howpublished ={\url{https://github.com/espressif/esp-idf}},
  note = {Accessed: 2017-12-18}
}

@misc{whyengineer,
  author = {why engineer},
  title = {Esp32 circle web server example},
  howpublished ={\url{https://github.com/whyengineer/esp32_circle}},
  note = {Accessed: 2017-10-28}
}
